@incollection{Bove:2009:DTW:1614478.1614480,
 author = {Bove, Ana and Dybjer, Peter},
 chapter = {Dependent Types at Work},
 title = {Language Engineering and Rigorous Software Development},
 editor = {Bove, Ana and Barbosa, Lu\'{\i}s Soares and Pardo, Alberto and Pinto, Jorge Sousa},
 year = {2009},
 isbn = {978-3-642-03152-6},
 pages = {57--99},
 numpages = {43},
 url = {http://dx.doi.org/10.1007/978-3-642-03153-3_2},
 doi = {10.1007/978-3-642-03153-3_2},
 acmid = {1614480},
 publisher = {Springer-Verlag},
 address = {Berlin, Heidelberg},
}